-- PENDING
@MISC {1861540,
    TITLE = {transport functions ,lemmas between isomorphic structures using univalence},
    AUTHOR = {doofin (https://math.stackexchange.com/users/354484/doofin)},
    HOWPUBLISHED = {Mathematics Stack Exchange},
    NOTE = {URL:https://math.stackexchange.com/q/1861540 (version: 2016-07-17)},
    EPRINT = {https://math.stackexchange.com/q/1861540},
    URL = {https://math.stackexchange.com/q/1861540},
    year = {2016},
    month = {jul}
}

-- PENDING
@MISC {1718737,
    TITLE = {How am I to interpret induction/recursion in type theory?},
    AUTHOR = {Derek Elkins (https://math.stackexchange.com/users/305738/derek-elkins)},
    HOWPUBLISHED = {Mathematics Stack Exchange},
    NOTE = {URL:https://math.stackexchange.com/q/1718737 (version: 2016-04-24)},
    EPRINT = {https://math.stackexchange.com/q/1718737},
    URL = {https://math.stackexchange.com/q/1718737}
}

-- DONE
@MISC {169097,
    TITLE = {A pointless circle in HoTT},
    AUTHOR = {Kromanen (https://mathoverflow.net/users/51644/kromanen)},
    HOWPUBLISHED = {MathOverflow},
    NOTE = {URL:https://mathoverflow.net/q/169097 (version: 2014-06-05)},
    EPRINT = {https://mathoverflow.net/q/169097},
    URL = {https://mathoverflow.net/q/169097}
}

-- PENDING
@MISC {136236,
    TITLE = {Prospects for reverse mathematics in Homotopy Type Theory},
    AUTHOR = {Jason Rute (https://mathoverflow.net/users/12978/jason-rute)},
    HOWPUBLISHED = {MathOverflow},
    NOTE = {URL:https://mathoverflow.net/q/136236 (version: 2017-04-13)},
    EPRINT = {https://mathoverflow.net/q/136236},
    URL = {https://mathoverflow.net/q/136236}
}
